2946 4619
803 280 975 332 roua
1023 278 1103 332 u
1150 262 1523 334 comonrrfi
1571 285 1687 336 nus
1735 284 2090 338 unimus.
2458 274 2599 341 515

468 403 594 470 Cor
628 403 812 483 ἔθευ,
841 402 1127 469 fortitudo
1145 406 1487 486 justorum,

468 487 592 550 Gor
626 487 816 564 ἔθευ,
842 484 1175 549 consolatio
1209 487 1597 568 afflictorum,

469 608 592 673 Gor
625 607 808 687 ἔθευ,
842 608 1035 673 robur
1055 616 1449 690 tentatorum,

469 689 588 754 Cor
624 688 810 767 ἔθευ,
839 698 1037 754 terror
1076 690 1550 770 daemoniorum,

460 805 585 869 Gor
622 805 807 884 ἔθευ,
836 806 1294 886 perseverantia
1332 807 1669 883 bonorum,

461 887 584 948 Cor
616 885 801 966 ἔθευ,
835 905 976 969 spes
1001 886 1420 962 morientium,

2345 843 2415 1075 ·.·s3qou
2346 517 2412 808 eaeaesim

461 998 583 1063 Gor
622 1002 804 1079 ἔθευ,
842 1004 1135 1078 gaudium
1172 1003 1523 1073 beatorum,

464 1079 586 1141 Cor
624 1083 810 1155 ἔθευ,
849 1094 969 1140 rex
992 1086 1052 1139 et
1077 1085 1354 1140 centrum
1382 1076 1660 1140 omnium
1684 1075 1998 1161 cordium,

466 1295 560 1361 Ab
604 1294 771 1359 omni
811 1302 1107 1378 peccate,
1170 1294 1370 1360 libera
1402 1309 1545 1374 nos,
1577 1294 1755 1358 Jesu.

467 1411 522 1475 A
564 1405 789 1472 duritia
833 1406 1077 1489 eordiS,
1122 1410 1322 1476 libera
1377 1427 1528 1488 υοε,
1575 1410 1753 1475 ἔθευ.

465 1492 522 1557 A
558 1497 751 1554 morte
778 1498 1108 1573 perpetua,
1152 1490 1350 1558 libera
1399 1508 1549 1572 noe,
1589 1491 1770 1556 Jesu.

465 1620 675 1698 Agnus
701 1621 853 1702 Dei,
879 1622 987 1704 qui
1024 1620 1190 1685 tollis
1214 1627 1461 1702 peccata
1504 1618 1752 1698 mundi,
1793 1636 1975 1700 parce
2015 1620 2228 1701 nobis,
2266 1621 2442 1688 ἔθευ.

471 1702 683 1780 Agnus
709 1705 859 1784 Dei,
893 1702 1001 1784 qui
1035 1701 1203 1769 tollis
1230 1709 1490 1784 peccata
1517 1700 1764 1780 mundi,
1788 1701 2182 1784 exaudinos,
2222 1704 2399 1769 Jesu.
2523 1722 2540 1741 ε

468 1833 677 1910 Agnus
698 1832 849 1912 Dei,
874 1831 982 1913 qui
1009 1831 1174 1897 tollis
1200 1836 1446 1913 peccata
1493 1831 1744 1914 mundi,
1781 1831 2073 1901 miserere
2113 1833 2325 1916 nobis,
2349 1830 2523 1898 ἔθευ.

382 1217 418 1379 ξ
465 1218 559 1280 Ab
598 1215 766 1278 omni
795 1213 991 1291 malo,
1072 1213 1270 1279 libera
1302 1229 1449 1292 nes,
1485 1213 1663 1279 ἔθευ.

385 1833 421 1994 ἱ
466 1915 654 1992 ἔθευ,
680 1913 826 1978 audi
863 1931 995 1979 nos.
1034 1915 1221 1994 ἔθευ,
1252 1911 1485 1978 exaudi
1525 1929 1660 1978 nos.

376 2073 457 2154 ἡ.
496 2075 685 2157 ἔθευ,
710 2075 871 2142 mitis
899 2086 959 2143 et
982 2074 1237 2141 humilis
1271 2073 1491 2152 eorde,

375 2178 455 2259 15!-
492 2179 616 2249 Fac
655 2199 765 2250 cor
793 2180 1436 2260 nostrumseeundum
1461 2184 1792 2244 cortuum.

535 2433 975 2502 LITANIES
1014 2434 1135 2501 DE
1177 2431 1294 2500 LA
1339 2431 1960 2502 TREs-SAINTE
2001 2432 2378 2502 VIERGE.

386 2624 422 2786 ἱ
468 2622 699 2705 Kyrie,
725 2620 980 2686 eleison.
1008 2621 1279 2701 Christe,
1314 2620 1571 2688 eleison.

469 2705 739 2783 Christe,
772 2703 917 2767 audi
940 2719 1073 2770 uos.
1110 2703 1350 2770 Christe
1367 2749 1391 2785 ,
1417 2702 1648 2770 exaudi
1671 2719 1807 2770 nos·

384 2820 419 2983 ἱ
464 2822 649 2886 Pater
694 2821 770 2885 de
808 2821 1013 2900 coelis,
1054 2822 1263 2900 DeuS,
1298 2822 1592 2889 miserere
1628 2823 1828 2887 nobis,

466 2901 621 2979 Fili,
650 2902 1025 2983 Redemptor
1050 2904 1297 2984 mundi,
1328 2906 1500 2970 Deus
1510 2950 1533 2985 ,
1573 2905 1869 2969 miserere
1905 2901 2104 2969 uobis,

384 3016 419 3180 ἶ
468 3018 734 3099 Spiritus
769 3027 1009 3097 sancte,
1036 3020 1245 3099 Deus,
1270 3022 1568 3083 miserere
1600 3020 1802 3082 nobiS.

470 3101 690 3164 Sancta
719 3098 1020 3176 Trinitas,
1048 3116 1208 3164 unus
1235 3102 1443 3179 Deus,
1473 3098 1769 3163 miserere
1807 3095 2012 3159 nobis.
2054 3131 2090 3182 g

351 3240 572 3306 Sancta
610 3234 838 3322 Maria,
1518 3239 1753 3402 {Mater
1790 3234 2204 3329 admirabilis»,

351 3324 572 3387 Sancta
611 3321 732 3388 Dei
768 3322 1072 3404 genitrix,
1558 3322 1755 3386 Mater
1795 3320 2135 3394 creatoris,

351 3452 573 3516 Sancta
616 3453 812 3529 Virgo
838 3453 1184 3535 virginum,

350 3533 546 3596 Mater
583 3533 844 3614 Christi,
1005 3556 1009 3560 ·

307 3450 339 3613 ξ
1557 3448 1752 3512 Mater
1792 3444 2173 3520 SalvatoriS,

308 3662 546 3826 {Mater
588 3661 811 3726 divinae
840 3665 1084 3748 gratiae,

1556 3528 1749 3604 Virgo
1788 3525 2299 3607 prudentissima,

1554 3656 1748 3734 Virgo
1790 3653 2142 3723 veneranda
2161 3702 2183 3735 ,

1556 3738 1752 3816 virgo
1791 3736 2215 3820 praedicanda,
2280 3791 2291 3803 .

354 3745 551 3809 Mater
589 3741 956 3825 purissima,
1515 3658 1546 3822 ἱ

1361 3907 1376 3922 ·
1515 3869 1749 4034 {Virgo
1790 3878 2043 3947 potens»,

1312 3779 1375 3900 qou
1293 3627 1359 3743 oid
1309 3486 1359 3594 mo

2513 3787 2580 3985 ·sgqou
2493 3637 2565 3750 oid
2518 3489 2566 3598 eso

357 3872 553 3937 Mater
595 3871 957 3954 castissima,

360 3954 555 4019 Mater
603 3953 895 4021 inviolata
910 3999 934 4033 ,

1311 3904 1357 3979 ‘SI

1554 3950 1747 4027 virgo
1787 3949 2086 4027 elemenS,

1555 4082 1748 4158 Virgo
1789 4078 2021 4156 fidelis,
2139 4091 2143 4096 ·

357 4084 554 4154 Mater
593 4094 981 4166 intemerata,
1559 4160 1890 4250 Speculum
1921 4154 2227 4240 justitiae,—

358 4165 555 4234 Mater
592 4168 871 4240 amabilis
879 4213 902 4248 ,
