2946 4619
803 299 974 349 noun
1019 295 1101 348 LA
1149 272 1523 354 conuomrfi
1571 301 1689 353 nns
1737 293 2088 352 cum-rans.
2482 277 2564 342 51
2581 277 2622 340 3

648 422 827 499 ἔθευ,
869 421 1062 501 spinis
1095 410 1409 503 coronate,
1470 491 1477 497 ,
1561 460 1562 463 ¹

646 504 827 580 Jesu,
865 501 1164 568 arundine
1190 522 1513 586 percusse,

648 633 830 711 ἔθευ,
869 641 1061 696 morte
1097 636 1448 715 turpissima
1489 632 1918 711 condemnate,

643 712 829 790 Jesu,
867 711 1168 781 v'oluntati
1202 717 1560 780 Judaeorum
1594 714 1840 792 tradite,

639 840 824 919 ἔθευ,
865 842 1062 906 crucis
1106 844 1376 922 pondere
1415 851 1663 919 gravate
1683 889 1703 921 ‚

636 920 820 998 Jesu,
867 929 1153 1002 tanquam
1187 924 1323 988 ovis
1350 923 1429 992 ad
1457 923 1824 987 occisionem
1851 920 2071 998 ducta,

640 1053 824 1131 ἔθευ,
867 1053 1143 1116 vestibus
1189 1059 1373 1112 exute
1393 1090 1425 1126 ,-

635 1133 824 1208 Jesu,
867 1129 1060 1194 clavis
1090 1129 1155 1188 in
1182 1144 1361 1191 cruce
1389 1128 1663 1205 confixe,

649 1258 830 1336 ἔθευ,
870 1256 1013 1320 felle
1041 1264 1102 1319 et
1135 1265 1301 1320 aceto
1348 1230 1412 1319 in
1438 1256 1541 1319 siti
1566 1264 1797 1335 potate,

648 1339 832 1416 Jesu,
869 1337 1152 1419 spiritum
1179 1337 1244 1398 in
1268 1352 1486 1401 manus
1505 1336 1705 1400 Patris
1727 1333 2189 1411 commendam,

636 1468 819 1546 Jesu,
858 1483 1052 1547 usque
1079 1465 1157 1530 ad
1183 1475 1441 1530 mortem
1468 1465 1668 1530 crucis
1695 1464 1985 1531 obediens
2012 1463 2196 1544 facte,

634 1549 817 1626 Jesu,
854 1548 1065 1612 lancea
1091 1547 1383 1612 transfixe
1397 1592 1420 1625 ,

2331 1077 2397 1274 ·s1qou
2292 743 2401 1031 aaaaasgtu

637 1840 945 1925 Propitius
973 1856 1098 1911 esto
1107 1888 1137 1924 ‚‚
1169 1845 1411 1911 exaudi
1426 1863 1569 1925 υοε,
1610 1849 1796 1914 ἔθευ,

644 1974 737 2038 Ab
767 1977 933 2038 omni
970 1975 1164 2055 malo,

642 2052 736 2119 Ab
771 2056 937 2119 omni
966 2066 1248 2136 peccato,

633 2184 756 2248 Per
778 2186 1061 2262 agoniam
1089 2190 1148 2248 et
1173 2173 1582 2260 sanguineum
1608 2172 1896 2245 sudorem
1920 2187 2122 2258 tuum,

633 2266 755 2323 Per
785 2267 994 2339 alapas
1021 2274 1081 2321 et
1103 2264 1352 2333 flagella*
1367 2273 1500 2332 tua,

630 2386 755 2448 Per
780 2386 1056 2465 spineam
1083 2400 1370 2448 coronam
1393 2395 1599 2466 tuam,

631 2467 756 2530 Per
783 2481 1025 2529 crucem
1049 2473 1108 2528 et
1131 2465 1480 2546 passionem
1506 2477 1708 2547 tuam,

2335 2563 2402 2747 ⁶nse1·
2325 2388 2388 2533 ‘sou
2338 2171 2405 2364 maqq

635 2599 760 2662 Per
784 2596 983 2675 sitim,
1018 2594 1320 2680 lacrymas
1352 2608 1410 2663 et
1437 2599 1774 2665 nuditatem
1807 2608 2003 2680 tuam,

634 2679 758 2742 Per
784 2694 956 2741 sacra
991 2679 1254 2744 vulnera
1283 2688 1416 2759 tua,

633 2807 757 2870 Per
779 2816 1033 2870 mortem
1061 2818 1121 2872 et
1142 2808 1521 2891 sepulturam
1548 2819 1711 2876 tuam
1728 2858 1750 2892 ,

635 2887 709 2949 In
747 2887 845 2950 die
869 2888 1124 2968 judicii,

642 3053 846 3129 Agnus
865 3054 1016 3131 Dei,
1042 3057 1150 3135 qui
1177 3058 1341 3119 tollis
1363 3069 1609 3135 peccata
1636 3060 1885 3132 mundi,
1910 3074 2093 3137 parce
2122 3058 2298 3119 nobis
2313 3102 2333 3133 ,
2367 3059 2541 3121 ἔθευ.

637 3133 846 3209 Agnus
873 3134 1018 3212 Dei,
1042 3135 1150 3214 qui
1179 3135 1344 3199 tollis
1372 3144 1619 3216 peccata
1646 3135 1893 3214 mundi,
1920 3136 2150 3200 exaudi
2191 3152 2334 3212 ιιοε,
2369 3137 2543 3198 ἔθευ.

569 420 601 584 ἱ

565 632 600 793 ἔ

558 838 592 1002 ἔ

554 1050 587 1211 ἱ

569 1259 600 1420 {

553 1467 588 1630 ἱ

557 1765 590 1926 ἱ
636 1761 946 1846 Propitius
986 1775 1151 1844 esto,
1184 1783 1365 1845 parce
1403 1763 1612 1845 nobis,
1635 1764 1809 1833 Jesu.
1899 1814 1905 1821 .

560 1973 595 2134 ἱ

551 2182 586 2340 {

551 2386 584 2550 ἱ

555 2600 589 2761 ἱ

554 2808 584 2967 {

558 3054 589 3214 ἱ

557 3276 589 3437 {

638 3277 846 3355 Agnus
873 3278 1026 3357 Dei,
1051 3279 1158 3360 qui
1182 3278 1346 3343 tollis
1377 3253 1622 3359 peccata
1649 3279 1863 3344 mundi
1882 3326 1902 3358 ‚
1928 3279 2221 3344 miserere
2247 3277 2446 3340 nobis·

640 3359 918 3438 Christe,
951 3359 1096 3423 audi
1139 3376 1273 3422 nos,
1301 3359 1578 3437 Christe,
1621 3359 1850 3425 exaudi
1885 3376 2019 3422 nos.

629 3626 710 3708 ἡ.
756 3629 1095 3697 Adoramus
1125 3641 1181 3698 te
1197 3678 1219 3711 ,
1246 3631 1524 3708 Christe,
1544 3639 1604 3695 et
1631 3630 2049 3697 benedicimus
2077 3631 2220 3710 tibi,

632 3786 710 3867 R!-
747 3788 906 3871 Quia
934 3802 1045 3872 per
1072 3799 1342 3858 sanctam
1370 3790 1630 3872 Crucem
1655 3799 1819 3856 tuam
1849 3788 2158 3855 redemisti
2184 3788 2506 3857 mundum.
