2946 4619
1099 329 1125 401 ·,
1179 303 1700 402 TEXTES

436 518 711 629 Poun
769 514 901 589 LA
960 493 1577 588 coMMom‘rr':
1637 507 1837 587 Dus
1898 493 2463 590 CHANTRES.
2526 440 2530 445 ’

806 843 1067 911 POUR
1117 844 1231 910 LE
1283 841 1599 910 TEMPS
1647 840 1771 911 DE
1822 837 2088 909 Nom..

1413 1006 1544 1066 1.’

602 1126 872 1201 Anus-ru,
911 1122 1153 1198 fideles,
1187 1121 1349 1193 laeti,
1380 1088 1823 1196 triumphantes
1843 1138 1878 1184 ε.-

528 1206 744 1272 Venite
760 1248 782 1281 ‚
819 1201 1027 1280 venite
1071 1201 1133 1261 in
1165 1196 1523 1272 Bethleem3

528 1284 748 1347 Natum
783 1279 988 1344 videte
1025 1278 1262 1352 Regem
1295 1275 1694 1350 Angeiorum.

526 1360 773 1440 Venite,
809 1358 1133 1423 adoremus
1167 1356 1548 1424 Dominum.-

1415 1473 1458 1535 2

609 1574 739 1650 En,
775 1586 961 1646 grege
997 1569 1247 1648 relicto,
1281 1566 1547 1632 humiles
1578 1563 1657 1629 ad
1691 1577 1893 1626 cunas-

533 1652 748 1718 Voc'ati
771 1653 1057 1716 Pastores
1088 1655 1517 1728 approperant.

533 1734 612 1797 Et
643 1748 754 1797 nos
793 1729 1001 1797 ovanti
1032 1730 1228 1805 gradu
1261 1727 1660 1790 festinemus„

530 1813 750 1886 ‚Venite
765 1857 788 1891 ,
829 1811 1153 1876 adoremus
1188 1807 1558 1874 Dominum.

1430 1913 1491 1978 5.

617 2015 854 2083 AEterni
889 2014 1159 2098 parentis
1193 2011 1589 2094 splendorem
1625 2018 1916 2073 aeternum

535 2097 823 2163 Velatum
852 2100 967 2160 sub
992 2106 1172 2159 carne
1199 2094 1575 2172 videbimus.

535 2179 740 2242 Deum
775 2174 1093 2252 infantem,
1130 2173 1351 2254 pannis
1390 2168 1737 2234 involutum
1751 2185 1784 2240 ,·
1886 2176 1896 2180 ’

534 2257 753 2324 Venite
766 2302 789 2331 ‚
827 2255 1152 2316 adoremus
1193 2248 1551 2318 Dominum.

1431 2349 1492 2408 [Ι.

619 2451 746 2514 Pro
783 2446 959 2509 nobis
996 2458 1259 2520 egenum
1272 2492 1286 2501 ..
1300 2449 1361 2503 et
1393 2437 1559 2501 foeno
1596 2437 1920 2501 cubantem

539 2531 671 2597 Piis
707 2526 1023 2592 foveamus
1054 2515 1464 2603 amplexibus,

508 2645 512 2649 ·
543 2613 649 2677 Sic
691 2624 802 2676 nos
840 2614 1140 2668 amantem
1175 2602 1314 2681 quis
1353 2595 1898 2663 non-‘redamareti’

500 2685 509 2693 ’
545 2691 763 2758 Venite
778 2733 801 2767 ‚
839 2686 1163 2751 adoremus
1198 2682 1584 2750 Dominum..

907 2919 1153 2985 Pnun
1185 2917 1484 3012 '‘Noms
1536 2879 2030 2994 NAs'crrur..

849 3043 876 3103 1
2035 3041 2071 3098 a

392 3130 559 3193 Puer
592 3124 769 3190 nohis
802 3123 1090 3200 nascitur,
1316 3167 1321 3170 Α
1593 3117 1814 3193 Angeli
1847 3116 2030 3180 laetati
2068 3121 2211 3177 sunt

316 3210 566 3273 Creator
595 3204 988 3281 Angelorum.
1123 3219 1126 3223 ’
1519 3197 1839 3262 Cantantes
1875 3217 1893 3260 z
1936 3196 2014 3258 In
2050 3189 2311 3256 excelsis

316 3291 392 3353 In
418 3291 534 3352 hoc
559 3285 786 3352 mundo
813 3282 1082 3367 pascitur
1218 3341 1225 3360 ,
1517 3278 1653 3341 Soli
1686 3281 1819 3343 Deo
1857 3275 2053 3358 gloria
2071 3318 2091 3351 ‚

292 3371 445 3451 Qui
482 3386 670 3447 regna
708 3367 811 3432 dat
848 3362 1164 3429 coelorum.
1209 3366 1212 3369 ’
1518 3358 1597 3423 Et
1628 3358 1806 3424 bonis
1839 3372 1971 3436 pax
2001 3354 2066 3415 in
2098 3348 2298 3415 terris.

401 3556 478 3615 In
515 3571 786 3634 praesepe
820 3551 1067 3632 ponitur
1601 3545 1680 3608 Et
1717 3558 1829 3605 nos
1866 3553 2005 3616 cum
2037 3531 2253 3620 laetitia·

322 3635 455 3700 Sub
491 3634 656 3697 foeno
690 3634 1125 3711 jumentorum.
1523 3626 1599 3688 In
1636 3624 1847 3686 choro.
1870 3615 2279 3681 concinamus».

323 3715 417 3779 Ab
452 3714 600 3793 ipsis
626 3713 980 3788 *agnoscitur
1382 3730 1390 3737 ·
1524 3706 1601 3768 In
1635 3701 1881 3766 chordis
1921 3707 1981 3761 et
2018 3709 2249 3771 organo

322 3797 469 3861 Rex
507 3793 784 3857 Christus
822 3792 1189 3855 seculorum.
1524 3786 1660 3851 Deo
1699 3780 2151 3848 benedicamus.

262 4014 266 4018 >
404 3979 585 4042 Hunc
613 3976 891 4044 Herodes
925 3977 1123 4042 timuit
1611 3956 1952 4055 Hodieoqui
1988 3965 2164 4047 natus
2199 3961 2291 4016 est

329 4060 485 4124 Cum
523 4060 795 4123 maximo
840 4059 1093 4123 dolore:
1296 4079 1300 4082 ’
1533 4048 1646 4124 ΒΘ,
1664 4043 1919 4118 Virgine
1959 4039 2187 4110 Mar1a‚
2235 4109 2249 4121 ⁸

331 4141 383 4204 A
417 4141 648 4204 bimatu
691 4145 916 4220 pueros
1534 4128 1736 4191 Ducat
1773 4140 1887 4185 nos
1926 4134 2065 4182 cum
2098 4118 2294 4194 grana

335 4220 574 4287 Occidit
617 4239 756 4287 cum
797 4218 1049 4285 furore...
1540 4207 1631 4278 Ad
1667 4221 1861 4285 regna
1891 4193 2276 4279 sempiterna·
