2946 4619
326 273 466 340 310
1322 292 1628 346 wnxmns

769 479 1239 552 RHYTHME
1290 485 1419 555 DE
1468 488 1761 563 ‚SAINT
1821 492 2211 568 THOMAS-
2322 517 2326 521 ·

920 641 1012 691 Au
1065 625 2051 710 rufis—sAmr-smuussm.

1457 787 1489 850 1

649 874 950 944 Adoro‘te
987 881 1238 964 devote,
1276 886 1467 953 latens
1502 889 1736 971 deitas,

573 959 725 1040 Quae
752 961 867 1022 sub
905 960 1003 1024 his
1040 963 1252 1039 figuris
1284 983 1429 1026 vere
1469 967 1665 1031 latitas
1684 991 1706 1032 ε

573 1038 720 1102 'l'ibi
754 1057 821 1102 se
853 1057 960 1102 cor
993 1057 1192 1104 meum
1226 1049 1417 1103 totum
1457 1044 1736 1122 subjicit,

574 1117 735 1202 Quia
771 1127 830 1182 te
866 1119 1279 1197 contemplans
1313 1128 1505 1186 totum
1541 1113 1762 1190 deficit.

950 1250 1226 1334 Refrain
1258 1273 1428 1338 pour
1466 1258 1706 1343 chaque
1741 1261 1990 1345 strophe
2008 1282 2030 1327 .·

650 1377 817 1455 Ave,
849 1377 1041 1456 Jesu,
1075 1381 1295 1448 Pastor
1329 1385 1645 1455 fidelium!

446 1532 449 1533 ⁷
569 1458 820 1533 Adauge
865 1459 1046 1521 fidem
1085 1465 1356 1531 omnium
1475 1524 1481 1529 .

571 1539 651 1607 In
678 1545 738 1602 te
771 1538 1166 1608 credentium.

654 1759 872 1836 Visus,
909 1768 1134 1845 taetus,
1173 1775 1381 1843 gustus
1415 1771 1488 1832 'in
1527 1780 1590 1836 te
1621 1771 1888 1855 fallitur,

575 1840 702 1905 Sed
738 1841 949 1906 auditu
979 1845 1113 1908 solo
1149 1856 1275 1911 tuto
1313 1849 1636 1916 creditur(

575 1921 777 2010 Credo
807 1923 1104 2000 quidquid
1139 1926 1302 1989 dixit
1327 1929 1447 1992 Dei
1481 1932 1684 1998 filius:

571 1997 676 2063 Nil
705 2000 821 2060 hoc
856 2003 1129 2068 veritatis
1166 2009 1363 2074 verbo
1398 2012 1629 2077 verius.
1666 2012 1832 2092 Ave,
1872 2013 2063 2078 Jesul
2083 2059 2263 2079 .....

1454 2139 1520 2205 5.

653 2227 729 2290 In
765 2240 946 2289 cruce
987 2225 1212 2291 latebat
1248 2231 1381 2294 sola
1404 2233 1653 2316 deitas,

573 2306 651 2370 At
684 2307 785 2370 hic
818 2304 964 2369 latet
992 2306 1177 2382 simul
1204 2318 1263 2370 et
1293 2309 1678 2373 humanitas:

572 2388 767 2450 Ambo
794 2395 994 2449 tamen
1024 2387 1279 2468 eredens
1308 2395 1490 2470 atque
1518 2390 1846 2469 confitens,

569 2463 718 2531 Peto
749 2466 913 2547 quod
944 2467 1161 2549 petivit
1199 2468 1358 2534 latro
1386 2470 1713 2550 poenitens,
1750 2470 1917 2552 Ave,
1941 2470 2126 2537 Iesu!
2142 2515 2324 2535 .....

1070 2650 1077 2656 ·
1257 2616 1265 2624 .
1326 2647 1333 2652 “
1444 2603 1511 2668 a·

659 2692 920 2772 Plagas,
947 2694 1102 2758 sieut
1127 2691 1396 2761 Thomas
1413 2745 1436 2775 ,
1463 2712 1587 2760 non
1614 2696 1884 2777 intueor,

567 2772 767 2848 Deum
807 2782 1007 2838 tamen
1044 2793 1247 2839 meum
1275 2786 1331 2841 te
1370 2779 1703 2842 confiteor:

570 2851 694 2913 Fac
729 2870 825 2915 me
866 2855 976 2917 tihi
1019 2874 1262 2937 semper
1295 2859 1491 2933 magis
1530 2859 1823 2934 credere,

569 2928 645 2991 ln
675 2939 732 2994 te
767 2950 939 3011 spem
960 2935 1241 3016 habere,
1271 2946 1330 3001 te
1364 2938 1643 3014 diligere.
1687 2936 1862 3014 Ave,
1898 2934 2123 3001 Jesux.
2146 2983 2163 2998 .
2186 2983 2203 2999 .
2226 2983 2241 2998 .
2263 2985 2285 3004 .

1464 3070 1529 3135 5.

657 3156 711 3221 Ο
750 3158 1105 3223 memoriale
1144 3160 1356 3225 mortis
1392 3161 1679 3226 Domini!

573 3237 760 3300 Panis
796 3240 1013 3315 vivuS,
1047 3242 1236 3303 vitam
1274 3252 1569 3321 praestans
1607 3240 1879 3306 homini!

569 3316 799 3379 Praesta
823 3334 972 3379 meae
996 3319 1183 3381 menti
1208 3320 1284 3382 de
1323 3331 1380 3384 te
1408 3324 1664 3401 vivere,

572 3397 651 3462 Et
683 3402 740 3461 te
775 3394 870 3458 illi
897 3413 1140 3476 semper
1172 3398 1351 3461 dulce
1379 3419 1621 3482 sapere.
1661 3403 1830 3484 Ave,
1865 3403 2051 3470 Jesu!
2064 3443 2246 3467 ·····

1460 3530 1524 3596 6.

640 3616 753 3681 Pie
787 3615 1131 3701 pellicane,
1159 3620 1314 3686 Jesu
1352 3621 1654 3703 Domine,

567 3689 682 3784 Me·
714 3697 1095 3765 immundum
1138 3705 1368 3768 munda
1405 3714 1510 3769 tuo
1554 3706 1896 3789 sanguine,

569 3770 759 3849 Cujus
799 3795 921 3840 una
961 3781 1126 3846 stilla
1165 3784 1411 3849 salvum
1447 3785 1646 3850 faeere

563 3850 787 3918 Totum
827 3858 1124 3926 mundum
1161 3864 1294 3944 quit
1327 3867 1406 3928 ab
1448 3866 1614 3930 omni
1649 3866 1901 3935 scelere.
1947 3869 2110 3955 Ave,
2144 3873 2326 3940 Iesu!
2344 3915 2528 3940 .....

1457 4007 1499 4066 7

650 4081 840 4159 Jesu,
871 4092 1054 4172 quem
1084 4081 1356 4151 velatum
1393 4049 1554 4154 nuric
1593 4099 1858 4180 aspicio,

572 4158 700 4220 Oro
739 4163 842 4228 fiat
880 4156 1037 4223 illud
1075 4161 1240 4239 quod
1278 4172 1397 4229 tam
1436 4169 1614 4247 sitio,
