2946 4619
772 306 944 367 pom».
984 299 1065 350 rA
1116 274 1483 353 normanni
1528 293 1647 347 mss
1697 290 2058 381 cuma-nra*
2421 264 2556 355 521

353 449 538 513 Fides
575 450 773 511 autem
802 434 1095 504 catholica
1119 433 1245 495 haec
1285 437 1373 493 est
1397 449 1415 493 z
1437 429 1470 463 *
1505 438 1573 493 ut
1605 447 1794 496 unum
1823 434 2027 505 Deum
2072 431 2135 495 in
2177 433 2467 502 Trinitate
2512 449 2569 502 et

255 531 617 595 Trinitatem
643 526 702 585 in
733 521 957 586 unitate
983 527 1368 581 veneremur.
2252 527 2256 530 >

340 611 552 690 Neque
580 600 1005 668 confundentes
1032 597 1334 660 Personas
1361 610 1378 654 ε
1408 590 1661 672 *neque
1689 592 2085 673 substantiam
2117 609 2485 676 separantes.

345 692 483 754 Alia
514 694 598 754 est
625 681 793 748 enim'
821 680 1089 743 Persona
1111 673 1343 750 Patris,
1371 672 1493 736 alia
1517 673 1705 737 Filii:
1733 674 1764 707 *
1789 672 1909 736 alia
1937 674 2200 752 Spiritus
2228 680 2439 743 sancti.

346 771 470 834 Sed
491 769 541 830 P
641 765 724 839 is,
751 770 808 824 et
831 759 1010 840 Filii,
1038 767 1095 822 et
1123 753 1387 838 Spiritus
1418 755 1614 847 sancti
1636 770 1759 819 una
1781 761 1870 818 est
1897 753 2181 822 divinitas
2209 777 2228 839 ε
2253 760 2287 793 *
2312 759 2563 839 aequalis

267 850 495 927 gloria,
531 866 562 908 c
604 856 823 909 aeterna
858 843 1158 923 maJestas.

351 927 562 1012 Qualis
588 927 799 1003 Pater,
834 923 973 986 talis
994 922 1191 986 Filius
1224 933 1250 979 -ε
1275 914 1306 1002 ’ξ
1329 917 1469 1002 talis
1497 917 1763 997 Spiritus
1791 930 2056 988 sanctus,

345 1012 654 1073 Increatus
675 1009 887 1080 Pater,
912 1004 1211 1066 increatus
1234 990 1431 1081 Flhus
1458 1011 1477 1052 ε
1502 993 1532 1024 *
1562 999 1861 1082 increatus
1897 1002 2162 1083 Spiritus
2189 1014 2453 1070 sanctus.

342 1089 683 1151 Immensus
713 1089 917 1151 Pater,
946 1083 1277 1136 immensus
1300 1070 1498 1133 FllfflS
1525 1087 1543 1128 τ
1569 1070 1601 1101 *
1625 1087 1953 1145 lmmensus
1976 1085 2242 1164 Spiritus
2265 1096 2529 1149 sanctus·

252 1208 273 1237 ,,
345 1163 634 1225 AEternus
661 1160 874 1229 Pater,
901 1162 1159 1215 aeternus
1187 1147 1427 1212 Filius:
1454 1147 1486 1180 *
1512 1153 1773 1208 aeterssUS
1802 1157 2065 1228 Spiritus
2091 1174 2356 1230 sanctus·

347 1243 426 1304 Et
449 1251 648 1304 tamen
671 1253 792 1298 non
820 1241 944 1294 tres
971 1231 1181 1293 aeterni
1207 1248 1223 1291 ε
1252 1227 1283 1256 *
1306 1227 1413 1291 sed
1442 1242 1603 1287 unus
1631 1233 1913 1291 aeternuS.

342 1322 528 1383 ‚Sicut
551 1334 673 1381 non
698 1325 823 1380 tres
849 1311 1131 1391 increati,
1159 1325 1270 1372 nec
1300 1317 1423 1372 tres
1462 1304 1787 1368 immensi:
1814 1307 1845 1340 *
1871 1309 1980 1372 sed
2007 1327 2165 1374 unus
2192 1312 2495 1384 increatus
2528 1334 2587 1389 et
2645 1390 2653 1396 ,

275 1418 433 1468 unus
469 1401 820 1462 immensus-

358 1481 654 1547 Similiter
678 1478 1058 1560 omnipotens
1083 1475 1287 1552 Pater,
1318 1470 1698 1559 omnipotens
1718 1470 1955 1536 Filius:
1980 1470 2012 1506 *
2039 1473 2417 1554 omnipotens
2442 1477 2596 1559 spi«,

276 1565 431 1630 ritus
458 1571 719 1626 sanctuS.
2031 1562 2034 1565 '

358 1646 435 1707 Et
467 1652 667 1706 tamen
694 1656 818 1704 non
842 1647 965 1702 tres
993 1637 1433 1717 omnipotentes
1462 1632 1537 1696 z*
1563 1634 1672 1698 sed
1700 1650 1858 1697 unus
1886 1635 2287 1714 omnipotens·

362 1724 453 1786 Ita
479 1726 649 1788 Deus
675 1722 882 1795 Pater,
910 1719 1080 1783 Deus
1107 1717 1305 1779 Filius
1333 1736 1350 1778 :
1377 1717 1409 1748 *
1431 1714 1603 1778 Deus
1627 1714 1893 1794 Spiritus
1925 1724 2188 1781 sanctuS.

362 1803 441 1865 Et
472 1812 672 1866 tamen
700 1817 822 1862 non
843 1808 966 1863 tres
991 1796 1099 1863 Dii
1125 1818 1142 1859 :
1165 1798 1196 1831 *
1221 1796 1331 1861 sed
1360 1812 1521 1859 unus
1554 1803 1645 1859 est
1669 1799 1861 1861 Deus·
2058 1808 2063 1813 ·

362 1884 455 1944 Ita
479 1881 780 1946 Dominus
800 1881 1011 1956 Pater,
1029 1877 1332 1941 Dominus
1356 1875 1554 1940 Filius
1581 1896 1598 1939 ε
1624 1876 1655 1909 *
1679 1877 1982 1940 Dominus
2012 1877 2278 1957 Spiritus
2297 1886 2561 1943 sanctus.

363 1961 444 2022 Et
466 1971 667 2025 tamen
695 1978 819 2025 non
846 1969 967 2024 tres
988 1958 1280 2023 Domini:
1310 1958 1340 1992 *
1370 1958 1480 2021 sed
1509 1973 1669 2018 unus
1696 1966 1787 2019 est
1810 1957 2135 2022 DominuS.

370 2041 529 2122 Quia
556 2042 712 2105 sicut
751 2040 1109 2117 singillatim
1141 2052 1633 2116 unamquamque
1667 2034 2004 2125 Personam
2030 2036 2242 2124 ’Deum
2280 2056 2351 2096 ac
2387 2039 2607 2101 Domi-

282 2139 437 2184 ‘num
468 2123 740 2185 confiteri
781 2121 1112 2186 christiana
1148 2119 1405 2182 veritate
1456 2112 1923 2192 compelhmur:
1963 2111 1994 2144 *
2024 2120 2106 2174 ita
2143 2121 2264 2176 tres
2301 2115 2468 2178 Deos
2503 2126 2607 2180 aut

285 2202 583 2264 Dominos
623 2203 856 2271 dicere,
882 2200 1179 2264 catholica
1205 2194 1533 2271 Religione
1571 2191 1992 2271 prohibemur.

367 2277 550 2339 Pater
577 2292 612 2336 a
640 2275 813 2334 nullo
843 2278 936 2333 est
956 2274 1146 2335 factus
1175 2288 1194 2331 z
1231 2277 1257 2303 ³*
1287 2291 1398 2332 uec
1425 2282 1701 2346 creatus,
1737 2288 1848 2332 nec
1876 2269 2136 2344 genitus.

371 2355 568 2417 Filius
601 2355 638 2415 a
668 2352 852 2415 Patre
881 2350 1014 2413 solo
1046 2358 1175 2414 est:
1205 2348 1234 2383 *
1257 2365 1379 2411 non
1406 2348 1632 2428 factus,
1665 2366 1775 2411 nec
1809 2358 2080 2429 creatus,
2110 2353 2219 2417 sed
2262 2356 2520 2431 genitus.

373 2434 640 2515 Spiritus
668 2440 910 2497 sanctus
946 2449 981 2494 a
1013 2429 1195 2493 Patre
1231 2437 1289 2493 et
1311 2429 1470 2491 Filio
1500 2450 1517 2492 :
1556 2430 1586 2464 *
1613 2447 1737 2492 non
1761 2428 1989 2509 factus,
2028 2449 2139 2496 nec
2182 2445 2418 2499 creatus
2430 2482 2453 2514 ‚
2497 2452 2610 2499 nec

290 2517 566 2595 genitus,
588 2514 696 2578 sed
721 2512 1080 2597 procedens⁴

382 2598 555 2660 Unus
585 2613 732 2671 ergo
765 2596 969 2672 Pater,
1007 2609 1130 2655 non
1165 2601 1286 2656 tres
1313 2593 1563 2670 Patres3
1602 2609 1760 2657 unus
1786 2592 2023 2675 Filius,
2059 2613 2182 2659 non
2210 2606 2332 2662 tres
2374 2594 2557 2660 Filii:
2583 2595 2612 2631 *
2673 2605 2682 2622 “

299 2696 458 2743 unus
486 2676 752 2756 Spiritus
779 2683 1022 2740 sanctus
1040 2719 1061 2753 ,
1099 2690 1221 2737 non
1247 2682 1368 2737 tres
1397 2674 1663 2754 Spiritus
1694 2675 1907 2739 sancti.

383 2761 460 2821 Et
492 2758 557 2818 in
595 2758 710 2820 hac
733 2755 1029 2819 Trinitate
1071 2754 1229 2817 nihil
1255 2755 1427 2836 prius
1453 2763 1556 2818 aut
1576 2755 1912 2837 posteriuS,
1939 2757 2096 2821 nihil
2130 2760 2328 2838 majus
2354 2764 2459 2819 aut
2493 2755 2612 2817 mi·-

302 2856 418 2904 nus
444 2857 461 2898 z
484 2838 514 2872 *
540 2836 648 2899 sed
676 2845 810 2899 totae
833 2845 956 2899 tres
989 2835 1275 2900 Personae
1313 2844 1623 2899 coaeternae
1654 2836 1773 2900 sibi
1799 2850 1941 2903 sunt
1972 2849 2031 2903 et
2057 2838 2416 2918 coaequales·

382 2919 475 2980 Ita
499 2926 566 2978 ut
590 2918 971 3008 perOomnia,
1004 2916 1159 2980 sicut
1174 2918 1305 2997 jam
1333 2935 1520 2999 supra
1547 2919 1775 2982 dictum
1796 2930 1930 2984 est:
1956 2920 1987 2955 *
2015 2929 2073 2984 et
2099 2920 2296 2982 unitas
2320 2916 2385 2979 in
2408 2915 2618 2979 Trini-

296 3006 452 3073 tate,
476 3005 535 3057 et
559 2997 825 3057 Trtnttas
859 3012 922 3056 in
959 2997 1185 3060 unitate
1218 2999 1574 3061 veneranda
1600 2999 1697 3061 sit.

393 3074 516 3157 Qui
545 3074 682 3138 vult
715 3090 871 3149 ergo*
887 3076 1100 3142 salvus
1125 3091 1294 3135 esse:
1321 3075 1455 3136 *ita
1486 3074 1560 3135 de
1596 3076 1889 3137 Trinitate
1929 3077 2165 3139 sentiat.

385 3155 510 3219 Sed
529 3154 939 3218 necessarium
964 3161 1055 3226 est
1071 3154 1150 3217 ad
1175 3161 1461 3216 aeternam
1490 3153 1747 3216 salutem
1775 3174 1791 3215 ε
1820 3155 1850 3189 *
1876 3162 1940 3216 ut
1967 3155 2440 3219 incarnationem
2463 3173 2621 3237 quo»

295 3256 422 3317 que
447 3234 697 3300 Domini
724 3235 911 3299 nostri
931 3236 1084 3300 Jesu
1111 3233 1341 3297 Christi
1372 3233 1631 3297 fideliter
1660 3233 1889 3306 credat.

380 3317 490 3380 Est
515 3332 663 3391 ergo
689 3315 839 3379 fides
867 3326 1060 3393 recta,
1089 3323 1156 3377 ut
1183 3314 1503 3378 credamus
1532 3324 1591 3378 et
1612 3315 2006 3379 confiteamur
2033 3334 2051 3375 ε
2078 3317 2109 3347 *
2141 3313 2285 3392 quia
2309 3313 2612 3379 Dominus

298 3406 510 3470 noster
531 3396 575 3457 J
577 3413 716 3460 esus
743 3396 1021 3461 Christus
1043 3395 1164 3459 Dei
1185 3395 1411 3473 Filius,
1438 3396 1609 3460 Deus
1640 3405 1699 3455 et
1723 3396 1906 3454 homo
1933 3405 2042 3458 est.

383 3479 557 3541 Deus
588 3484 677 3539 est
709 3494 792 3540 ex
816 3475 1153 3541 substantia
1185 3475 1388 3537 Patris
1421 3481 1557 3536 ante
1584 3471 1792 3535 secula
1828 3472 2063 3548 genitus
2094 3492 2111 3536 z
2137 3472 2171 3508 *
2207 3482 2267 3537 et
2302 3475 2485 3539 homo
2525 3487 2616 3540 est

301 3575 391 3621 ex
412 3554 747 3618 substantia
778 3557 988 3619 matris
1016 3558 1079 3617 in
1106 3553 1314 3618 seculo
1344 3560 1544 3615 natus,

392 3630 710 3727 Perfectus
738 3634 938 3714 Deus,
975 3637 1273 3717 perfectus
1300 3634 1524 3697 homo:
1553 3635 1584 3668 *
1619 3652 1701 3697 ex
1729 3635 1931 3700 anima
1958 3635 2243 3700 rationali
2267 3645 2325 3702 et
2350 3637 2617 3701 humana

301 3731 491 3781 carne
515 3714 870 3781 subsistenS.

310 3878 357 3939 h
390 3794 670 3886 AEqualis
708 3793 879 3858 Patri
915 3795 1252 3861 secundum
1279 3795 1659 3862 divinitatem
1696 3818 1717 3862 ε
1759 3798 1790 3833 *
1826 3799 2028 3863 minor
2069 3801 2249 3865 Patre
2284 3798 2622 3864 secundum

310 3913 313 3918 ⁴
359 3883 768 3939 umamtatem.

396 3956 521 4039 Qui
546 3954 689 4022 licet
708 3956 877 4022 Deus
905 3957 986 4023 sit
1004 3959 1268 4027 ethomo
1292 3984 1308 4021 ε
1329 3959 1362 3994 *
1383 3975 1507 4022 non
1527 3958 1650 4025 duo
1677 3970 1905 4041 tamen,
1939 3961 2049 4026 sed
2092 3978 2248 4024 unus
2287 3967 2378 4024 est
2412 3958 2629 4022 Chris-

314 4047 437 4102 luS.
1242 4078 1244 4081 >

346 4199 360 4212 ο
397 4116 571 4184 Unus
601 4127 802 4183 autem
838 4135 960 4213 non
981 4122 1380 4194 conversione
1407 4121 1740 4192 divinitatis
1763 4123 1827 4188 in
1847 4138 2091 4190 carnem
2119 4121 2190 4185 ι*
2217 4121 2328 4188 sed
2350 4127 2627 4204 assump-

316 4207 480 4267 none
518 4200 904 4273 humanitatis
930 4216 994 4270 tn
1016 4202 1237 4273 Deum.
2261 4280 2304 4345 2
