2946 4619
892 244 943 306 A
1010 234 1547 308 MATTUTmO
2175 225 2316 329 25

202 348 487 472 Diligite
519 353 957 442 Dominum
1018 382 1304 444 omnes
1348 354 1611 444 saneti
1650 356 1863 517 ejus,
1912 357 2311 477 quoniam

238 501 240 503 ’
295 474 689 564 veritatem
747 476 1125 595 requiret
1160 476 1567 565 Dominus
1586 546 1609 584 ,
1671 475 1861 567 *et
1898 478 2308 570 retribuet

298 593 381 682 iis
433 596 569 716 qui
625 596 1154 686 abundanter
1212 597 1529 686 faciunt
1565 600 2093 721 superbiam.

197 712 517 811 Viriliter
573 719 820 859 agite,
881 735 967 806 et
1023 718 1537 809 confortetur
1575 752 1742 809 eor
1803 737 2205 833 vestrum,
2265 721 2310 765 *

294 868 579 929 omnes
602 840 757 963 qui
815 842 1168 983 speratis
1220 841 1317 929 in
1374 842 1788 932 Domino.-

184 959 531 1054 Antifona.
631 961 1098 1055 Redemisti
1157 991 1384 1073 me,
1419 963 1814 1073 Domine,
1874 965 2099 1055 Deus
2166 997 2308 1057 ve-
2385 990 2392 994 ’

286 1079 546 1172 ritatis:
613 1084 704 1171 in
763 1110 1060 1173 manus
1104 1099 1306 1174 tuas
1366 1087 1861 1177 commendo
1919 1088 2310 1271 spiritum

280 1230 556 1293 meum.
620 1230 628 1245 ·
876 1242 877 1245 ¹

351 1363 377 1371 '¹
947 1335 1315 1421 Lssztow
1383 1335 1518 1425 lV.
1677 1335 1865 1424 Job.
1943 1350 2082 1443 15,
2147 1351 2289 1424 22.

175 1488 563 1659 Βιειοιιιιιι
626 1572 836 1660 mihi
897 1588 1252 1693 quantas
1335 1573 1606 1661 habeo
1678 1541 2156 1697 iniquitates
2227 1592 2314 1667 et

270 1709 630 1809 peecata·
662 1692 977 1782 seelera
1007 1723 1191 1781 mea
1234 1709 1318 1782 et
1343 1694 1659 1784 delicta
1699 1696 2045 1786 ostende
2069 1695 2305 1789 mihi.

272 1809 417 1901 Gur
474 1814 777 1905 faeiem
854 1829 1082 1905 tuam
1144 1815 1643 1928 abscondis,
1720 1835 1804 1908 et
1875 1810 2309 1911 arbitraris

263 1964 383 2023 me
438 1936 876 2026 inimicum
936 1945 1231 2028 tuum?
1294 1936 1599 2029 Contra
1658 1938 2012 2051 folium,
2073 1942 2309 2064 quod

266 2073 521 2147 vento
554 2058 920 2198 rapitur
981 2056 1349 2149 ostendis
1411 2061 1870 2203 potentiam
1923 2012 2185 2172 uiam,
2227 2074 2313 2153 et

262 2180 648 2299 stipulam
709 2179 1010 2270 siccam
1069 2182 1632 2302 persequeris.
1714 2181 2020 2272 Scribis
2082 2183 2311 2307 enim

257 2318 565 2392 eontra
590 2334 733 2391 me
793 2300 1424 2412 amaritudines
1473 2319 1592 2391 et
1617 2304 2116 2393 consumere
2174 2337 2312 2395 me

259 2422 369 2514 vis
428 2424 795 2547 peccatis
856 2420 1438 2584 adolescentiae
1481 2455 1735 2519 meae.
1802 2425 2245 2516 Posuisti
2219 2461 2310 2517 ιιι

256 2560 502 2639 nervo
567 2546 880 2669 pedem
939 2576 1280 2654 meum,
1282 2562 1442 2635 et
1489 2547 1961 2639 observasti
2021 2559 2309 2641 omnes

249 2669 582 2759 semitas
641 2699 914 2778 meas⁷
976 2683 1061 2756 et
1110 2667 1467 2811 vestigia
1545 2669 1863 2792 pedum
1921 2696 2306 2762 meorum

249 2792 833 2918 considerasti:
891 2790 1051 2913 qui
1109 2790 1355 2932 quasi
1394 2792 1760 2913 putredo
1805 2822 2306 2885 consumen-

249 2910 397 3004 dus
458 2944 683 3023 sum⁷
746 2929 830 3003 et
888 2912 1173 3039 quasi
1194 2914 1842 3052 vestimentum,
1874 2917 2108 3037 quod
2170 2948 2305 3006 eo-

249 3038 615 3126 meditur
675 3068 722 3123 a
787 3035 1034 3124 tinea.

164 3169 218 3265 ι).
272 3159 621 3253 induta
635 3174 762 3247 est
817 3188 1012 3246 earo
1049 3186 1237 3244 mea
1297 3157 1746 3306 putredine
1793 3108 1876 3266 et
1918 3158 2307 3249 sordibus

248 3280 664 3399 pulveris;
830 3278 1042 3369 eutis
1083 3310 1271 3368 mea
1311 3280 1536 3368 aruit
1574 3297 1659 3367 et
1696 3295 2114 3368 contr-aeta
2152 3295 2302 3370 est·

246 3420 694 3513 memento,
798 3401 1105 3512 omine,
1146 3400 1344 3523 quia
1388 3416 1690 3490 ventus
1725 3417 1851 3489 est
1888 3400 2060 3489 vita
2088 3431 2301 3492 mea.
2427 3506 2437 3516 ,

165 3562 219 3624 ι.
268 3526 694 3640 Quoniam
754 3557 923 3614 non
982 3540 1454 3612 revertetur
1516 3522 1809 3611 oculus
1871 3551 2147 3633 meus,
2187 3541 2307 3614 ut

246 3643 526 3736 videat
553 3647 802 3758 bona⁷
834 3678 988 3735 nee
1032 3636 1374 3766 aspiciet
1411 3677 1549 3733 me
1606 3644 1836 3734 visus
1882 3639 2296 3738 hominis:
2446 3645 2458 3656 ’

242 3769 544 3975 {eutis
572 3780 760 3880 mea
799 3769 1027 3858 aruit
1055 3785 1140 3856 et
1179 3783 1602 3857 eontracta
1653 3786 1817 3856 est:
1857 3787 2299 3877 memento,

310 3923 620 4004 omine„
686 3893 882 4013 quia
946 3907 1241 3981 ventus
1308 3906 1431 3979 est
1493 3890 1672 3979 vita>
1725 3921 1933 3981 mea.
1975 3948 1980 3952 ·

2172 4387 2253 4431 Ιῖ..
