2946 4619
248 4307 373 4518 Q.

465 201 483 207 ³
621 237 759 336 26·
869 253 877 260 ·
1244 244 1605 309 ΠΕΡιοιο
1663 191 1812 347 nm
1868 244 2156 308 MORTI

1104 424 1765 625 ‘norruamo
1860 480 2272 569 ranzo.

616 727 1028 814 Antifona.
1094 727 1400 822 Anima
1461 738 1765 823 autem.
2222 663 2227 666 ·

1442 948 1731 1057 SALno
1797 983 1933 1055 34.

612 1131 913 1312 Juch
945 1291 969 1332 ,
1057 1221 1469 1329 Domine
1517 1234 1949 1312 nocentes
2019 1250 2209 1315 me·
2192 1291 2215 1332 ,
2292 1219 2339 1309 *.
2403 1218 2750 1342 expugna

666 1430 671 1433 Α
736 1345 1323 1467 impugnantes
1384 1372 1574 1431 me·
1556 1411 1580 1453 ‚

612 1466 1181 1611 Apprehende
1239 1494 1471 1555 arma
1531 1482 1615 1555 et
1674 1420 2112 1577 scutum,*
2154 1482 2239 1555 et
2298 1490 2645 1583 exsurge
2685 1456 2754 1543 in

735 1589 1255 1711 adjut-orium
1310 1588 1566 1697 mihi3
2873 1590 2874 1679 ζ

614 1711 973 1837 Effunde
1031 1709 1461 1819 frameam
1522 1708 1567 1749 *
1626 1725 1711 1797 et
1748 1706 2154 1800 conclude
2193 1712 2595 1801 adversus
2640 1727 2753 1790 eos
2873 1726 2874 1739 ²

737 1831 886 1954 qui
945 1864 1081 1920 me
1140 1846 1793 1953 persequuntur.

615 1955 805 2043 Dic
802 1953 1127 2042 animae
1187 1983 1433 2041 meae:
1499 1950 1542 1991 *
1604 1952 1844 2042 Salus
1910 1970 2051 2042 tua
2114 1968 2315 2075 ego
2335 1984 2542 2044 sum.

614 2074 1249 2166 Confundantur
1310 2090 1394 2162 et
1466 2074 2012 2165 revereantur
2071 2074 2112 2115 *
2174 2077 2325 2200 qui
2402 2076 2759 2199 quaerunt

736 2200 1099 2293 animam
1159 2230 1457 2286 meam.

609 2323 1121 2413 Avertantur
1183 2316 1648 2410 retrorsum
1710 2335 1795 2409 et
1853 2320 2476 2411 confundantur
2534 2315 2574 2356 *
2631 2303 2757 2432 qui

732 2446 1100 2567 cogitant
1157 2443 1366 2532 mihi
1427 2445 1672 2532 mala.

612 2565 851 2655 Fiant
924 2583 1095 2654 tam
1156 2597 1352 2652 uam
1425 2565 1707 2704 pulvis
1768 2582 1962 2653 ante
2033 2565 2326 2654 faciem
2389 2560 2669 2665 venti

736 2701 819 2773 et
874 2686 1115 2824 Ange
1150 2715 1248 2772 us
1306 2684 1640 2771 Domini
1701 2685 2075 2806 affligens
2137 2719 2301 2775 eos.

613 2806 881 2895 Fiant
909 2805 1073 2893 viae
1135 2803 1429 2892 eorum
1491 2806 1858 2894 tenebrae
1919 2824 2001 2894 et
2063 2808 2480 2900 lubricum
2514 2878 2537 2918 .,
2595 2802 2637 2844 *
2689 2808 2760 2885 θῑ

733 2926 1105 3049 Angelus
1163 2925 1498 3015 Domini
1560 2932 2073 3050 persequens
2135 2960 2328 3020 eos·
2311 3001 2334 3042 ,

610 3049 1022 3156 Quoniam
1081 3047 1338 3190 gratis
1399 3049 2018 3140 absconderunt
2074 3052 2292 3140 mihi
2355 3048 2758 3144 interitum

734 3171 1015 3295 laquei
1058 3171 1219 3281 sui,
1279 3169 1319 3210 *
1381 3203 1598 3261 vane
1637 3175 2368 3295 exprobraverunt
2422 3173 2761 3322 animam

729 3326 1027 3386 meam.

611 3419 914 3510 Veniat
972 3416 1137 3507 illis
1178 3418 1561 3540 laquem,
1603 3449 1858 3539 quem
1900 3420 2314 3541 ignor-ant,
2357 3439 2440 3511 et
2480 3409 2760 3574 captio

732 3572 991 3682 quam
1052 3541 1707 3650 occultaverunt,
1769 3543 2347 3663 apprehendat
2406 3574 2577 3653 eoS‚
2614 3534 2764 3615 *20

732 3663 821 3750 in
884 3662 1279 3784 laqueum
1340 3663 1794 3752 incidant
1769 3696 1857 3752 ιιι
1917 3665 2310 3807 idi-psum.

613 3780 909 3873 Anima
971 3801 1251 3873 autem
1310 3815 1498 3874 mea
1558 3785 2047 3875 exultabit
2023 3820 2110 3876 ιιι
2167 3787 2550 3898 Domino,
2609 3771 2658 3820 *
2689 3783 2762 3861 0²

731 3905 1278 3996 delectabitur
1343 3938 1597 4031 super
1658 3907 2024 4000 salutare
2083 3911 2287 4032 ejus.

728 4287 801 4336 ’Χ
