2946 4619
627 320 757 425 ¹50
1273 341 1630 407 UFFICIO
1689 342 1836 407 DEI
1900 344 2186 408 Morcm

618 457 1029 563 Quoniam
1119 456 1850 546 circumdederunt
1907 487 2045 546 me
2115 460 2364 570 mala,
2424 489 2752 600 quorum

670 674 671 677 a
741 612 910 668 non
948 593 1075 667 est
1113 609 1565 688 numerus;
1605 581 2422 722 comprehenderunt
2459 612 2607 669 me
2622 580 2749 668 ini-

738 702 1098 824 quitates
1158 731 1398 810 meze,
1455 699 1501 740 *
1560 718 1644 788 et
1702 734 1871 790 non
1931 703 2171 821 potui
2243 719 2337 792 ut
2375 701 2747 793 viderem.
2875 808 2876 813 Ν

616 823 1181 946 Multiplicatae
1241 839 1438 912 sunt
1496 853 1750 944 super
1788 823 2131 960 capillos
2173 825 2463 945 capitis
2501 820 2749 931 mei‚*
2875 892 2876 933 s

624 1010 627 1015 ·
746 963 828 1036 et
888 977 1033 1034 cor
1093 975 1378 1033 meum
1439 944 1898 1097 dereliquit
1950 976 2109 1034 me.
2875 936 2876 1001 Ν

619 1068 1151 1209 Complaceat
1206 1065 1357 1154 tibi
1390 1134 1414 1175 ‚
1488 1065 1894 1176 Domine
1973 1083 2067 1163 ut
2125 1067 2432 1188 eripias
2494 1097 2668 1156 me·
2653 1135 2674 1174 ,

737 1190 1117 1299 Domine,
1177 1189 1267 1276 in
1324 1187 1735 1277 auxilium
1794 1219 2078 1277 meum
2136 1190 2484 1311 respice.

618 1310 1252 1403 Confundantur
1312 1326 1395 1397 et
1452 1326 1997 1399 revereantur
2056 1310 2305 1400 simul
2367 1312 2518 1433 qui
2555 1339 2756 1432 quae-

552 1454 555 1459 ⁴
628 1492 633 1496 -
737 1436 941 1525 runt
998 1434 1361 1525 animam
1419 1462 1693 1521 meam
1723 1502 1749 1541 ‚
1811 1429 1855 1472 *
1914 1448 2009 1520 ut
2067 1432 2455 1522 auferant
2516 1464 2707 1521 eam.

615 1557 1125 1647 Avertantur
1184 1572 1648 1646 retrorsum
1709 1570 1792 1642 et
1852 1552 2576 1689 confundantur*
2634 1549 2759 1674 qui

741 1680 1041 1767 volunt
1097 1677 1304 1766 mihi
1363 1674 1630 1764 mala.

470 1858 473 1861 -
619 1802 922 1888 Ferant
979 1798 1412 1888 confestim
1473 1795 2044 1887 confusionem
2105 1797 2430 1895 suam*
2471 1798 2617 1922 qui
2654 1794 2760 1886 di-

741 1938 942 2011 cunt
999 1918 1242 2009 mihi:
1308 1920 1567 2040 Euge
1624 1949 1864 2059 euge.

621 2044 1020 2135 Exultent
1078 2040 1162 2129 et
1189 2039 1642 2129 laetentur
1620 2074 1707 2129 1n
1751 2057 1834 2129 te
1876 2073 2162 2131 omnes
2206 2043 2355 2204 ‘Pi
2400 2053 2771 2186 quaerunt

744 2183 856 2276 te,
913 2163 1307 2274 Domine3
1369 2178 1453 2252 et
1513 2162 1793 2252 dicant
1829 2195 2194 2286 semper.
2317 2163 2768 2287 Magnifice-

745 2306 886 2380 tur
943 2287 1376 2400 DominuS‚
1438 2285 1588 2409 qui
1651 2285 2012 2409 diligunt
2070 2286 2436 2377 salutare
2500 2303 2745 2377 tuum.

624 2417 799 2537 Ego
860 2427 1141 2501 autem
1186 2442 1500 2533 egenus
1546 2426 1630 2498 et
1670 2439 1997 2532 pauper
2038 2441 2260 2499 sum·
2243 2478 2266 2518 ‚
2306 2408 2350 2450 *
2386 2409 2770 2499 Dominus

746 2566 1035 2624 curam
1097 2532 1349 2620 habet
1406 2532 1596 2620 mei.

624 2655 987 2777 Adjutor
1046 2664 1283 2741 meus
1326 2667 1409 2740 et
1446 2668 1868 2771 protector
1906 2683 2144 2743 meus
2184 2684 2274 2743 es
2314 2668 2448 2765 tu3
2491 2653 2535 2696 *
2573 2655 2775 2742 Deus

746 2806 1014 2883 meus,
1075 2804 1183 2861 ne
1242 2773 1733 2862 tardaveris.

638 2895 1053 2984 Antifona.
1103 2891 1621 3017 Complaceat
1679 2896 1858 3007 tibi,
1917 2896 2298 3007 Domine,
2360 2913 2455 2985 ut
2497 2894 2779 3015 eripias

743 3050 929 3109 me·
912 3088 935 3128 ‚
996 3018 1461 3128 Domine,
1435 3052 1526 3107 1n
1585 3019 2006 3110 auxilium
2055 3049 2340 3109 meum
2397 3019 2740 3141 respice.

634 3200 1045 3312 Antisona.
1115 3199 1461 3290 Sitivit.

1487 3382 1540 3470 S
1557 3419 1596 3468 ,ι
1615 3419 1650 3469 L
1667 3419 1716 3469 ιι
1732 3419 1775 3470 o
1846 3399 1944 3470 M
1971 3459 1980 3466 .

627 3540 896 3722 Sicut
955 3663 1253 3723 cervus
1294 3633 1717 3725 desiderat
1755 3633 1867 3723 ad
1921 3632 2186 3723 fontes
2240 3664 2695 3757 aquarum,
2752 3625 2785 3662 ’¹

747 3756 863 3843 ita
921 3754 1344 3845 desiderat
1403 3755 1680 3845 anima
1741 3787 1927 3845 mea
1989 3756 2096 3845 ad
2162 3773 2271 3865 te
2334 3759 2581 3845 Deus.

627 3876 905 3968 sitivit
963 3876 1237 3966 anima
1296 3899 1485 3968 mea
1545 3879 1653 3968 ad
1723 3879 1994 3967 Deum
2034 3878 2363 3987 fortem,
2408 3868 2790 3967 vivumz*

745 3999 1085 4122 quando
1115 4001 1447 4091 veniam
1477 4017 1563 4090 et
1590 4000 2017 4125 apparebo
2050 4018 2242 4091 ante
2272 3989 2561 4091 faciem
2592 3993 2791 4086 Dei?

600 4271 603 4272 f
732 4253 837 4320 ..1¹
