2946 4619
309 306 447 376 516
1248 302 1253 307 ’
1308 274 1602 359 rnkrns

369 444 560 512 Sedes
602 438 949 523 sapientiae,
1552 425 1732 493 Salus
1761 424 2174 504 infirmorum,

324 449 713 611 {causap
611 531 829 588 nostrae
861 517 1076 584 laetitiae
1092 561 1114 594 ,
1509 429 1882 591 {Refugium
1916 517 2328 589 peecatorum,

370 657 494 723 Vas
524 650 879 743 spirituale,
1503 635 1939 798 {consolatrix
1967 637 2359 711 afflictorum,

326 657 495 820 {Vas
524 731 919 806 honorabile,
1325 789 1371 826 Φ
1543 717 1867 782 Auxilium
1888 716 2400 798 Christianorum,
2515 785 2565 821 Φ

323 865 492 1028 {Vas
537 865 775 939 insigne
804 852 1174 930 devotionis,
1324 828 1371 897 Ξ
1510 848 1540 1004 Ξ
1550 848 1791 922 Regina
1820 845 2227 922 Angelorum,
2514 821 2563 891 ἔτ’

369 947 538 1008 Rosa
563 941 853 1024 mystica,
1309 935 1373 1044 ’Ξ
1547 927 1789 1000 Regina
1816 926 2347 1001 Patriarcharum,
2497 929 2565 1040 ’Ξ

331 1073 596 1234 {Turris
627 1067 908 1133 dav1d1ea
917 1112 941 1144 ,
1327 1084 1373 1163 g
1504 1051 1783 1210 {Regina
1803 1051 2291 1128 Prophetarum,
2516 1080 2563 1119 β

379 1153 596 1217 Turris
625 1150 925 1223 eburnea,
1327 1164 1398 1262 g
1543 1126 1784 1204 Regina
1822 1127 2283 1209 Apostolorum,
2516 1121 2582 1225 Ξ

369 1283 605 1343 Domus
641 1293 861 1347 aurea,
1505 1255 1786 1419 {Regina
1826 1255 2204 1335 Martyrum,
2521 1227 2570 1279 φ

329 1281 645 1443 {Foederis
683 1366 854 1428 arca,
1545 1335 1785 1413 Regina
1830 1335 2300 1407 confessorum,

375 1486 575 1549 Janua
614 1481 788 1558 coeli,
1546 1469 1788 1543 Regina
1827 1463 2196 1539 Virginum,

333 1489 569 1650 {Stella
594 1559 915 1636 matutina,
1509 1464 1789 1630 {Regina
1802 1553 2150 1611 sanctorum
2165 1539 2458 1614 omnium,

403 1739 619 1820 (Dans
649 1734 945 1818 quelques
961 1724 1229 1796 endroits
1271 1723 1356 1791 od
1397 1723 1464 1788 la
1498 1718 1825 1800 Contraria
1864 1718 1951 1783 du
1990 1715 2260 1786 Rosaire
2287 1716 2374 1780 est
2405 1711 2642 1794 emblie,

328 1851 413 1901 on
428 1832 693 1915 ajoute:

331 1973 617 2113 {Regina
658 1969 1050 2031 sacratissimi
1089 1961 1378 2039 Rosarii,
1419 1978 1530 2026 ora
1572 1976 1687 2042 pro
1728 1959 1927 2024 nobiS.

377 2051 572 2114 Mater
613 2047 763 2124 Dei,
796 2062 904 2108 ora
939 2061 1054 2126 pro
1098 2041 1296 2106 nob'iS.
1304 2045 1332 2122 )

383 2210 590 2287 Agnus
622 2207 775 2286 Dei,
806 2206 936 2299 qui
926 2203 1104 2270 'tollis
1135 2214 1380 2284 peecata
1413 2204 1666 2290 mundi,
1698 2220 1881 2282 parce
1913 2197 2121 2269 nom,
2162 2192 2446 2258 Domine.

340 2216 593 2370 {Agnus
633 2288 780 2368 Dei,
812 2287 920 2368 qui
952 2283 1116 2351 tollis
1157 2293 1401 2364 peccata
1417 2250 1686 2361 mundi,
1722 2271 1951 2340 exaudi
1982 2287 2125 2349 nos,
2150 2265 2436 2333 Domine.

334 2421 593 2582 {Agnus
634 2420 786 2498 Dei,
817 2417 925 2511 qui
958 2414 1123 2481 tollis
1158 2419 1401 2494 peccata
1437 2408 1682 2486 mundi,
1720 2405 2014 2472 miserere
2047 2398 2246 2466 nobis.

386 2502 659 2580 Christe,
693 2498 839 2564 audi
878 2515 1018 2577 nos,
1050 2495 1320 2574 Christe,
1358 2488 1587 2557 exaudi
1623 2505 1756 2551 nos.

409 2662 492 2743 w.
530 2663 654 2728 Ora
690 2679 803 2745 pro
840 2660 1046 2739 nobis,
1081 2665 1286 2723 sancta
1321 2652 1443 2720 Dei
1476 2651 1791 2731 Genitrix,

417 2767 497 2846 R!-
539 2768 618 2831 Ut
649 2767 821 2844 digni
850 2764 1180 2832 efficiamur
1212 2759 1721 2845 promissionibus
1759 2754 2008 2821 Christi.

1303 3012 1410 3073 ST
1426 3010 1682 3074 ABAT.

880 3156 940 3223 1.
2069 3144 2131 3209 lt.

420 3257 635 3324 Stabat
669 3254 864 3318 Mater
899 3252 1182 3316 dolorosa
1627 3253 1777 3336 Quae
1816 3246 2145 3321 moerebat,
2181 3249 2242 3304 et
2277 3235 2548 3310 dolebat,

339 3338 534 3399 Juxta
567 3348 809 3398 crucem
841 3334 1212 3410 lacrymosa,
1544 3335 1622 3396 Et
1658 3332 1980 3406 tremebat,
2015 3329 2155 3388 oum
2186 3318 2435 3387 videbat

343 3417 511 3479 Dum
541 3411 843 3495 pendebat
879 3412 1097 3474 Filius.
1545 3413 1684 3476 Nati
1721 3426 1934 3491 poenas
1975 3403 2206 3486 inclyti.

871 3542 933 3606 2.
2075 3538 2142 3600 5.

426 3633 619 3726 Cujus
659 3621 923 3706 animam
957 3646 1325 3717 gementem,
1633 3636 1788 3731 Quis
1824 3645 1916 3700 est
1941 3637 2124 3700 homo
2127 3637 2255 3730 ,qui
2281 3650 2404 3697 non
2434 3630 2651 3706 fleret„

351 3713 775 3783 contristatam
813 3732 871 3783 et
896 3721 1202 3785 dolentem
1554 3715 1781 3782 Christi
1810 3723 2062 3779 matrem
2091 3717 2146 3781 si
2172 3717 2417 3781 videret

355 3793 765 3865 Pertransivit
796 3801 1059 3873 gladius.
1552 3799 1626 3861 In
1657 3805 1819 3863 tanto
1858 3796 2160 3878 supplicio
2178 3797 2214 3859 Ρ

883 3924 940 3987 3.
2086 3928 2146 3992 6,

441 4026 495 4114 9
529 4040 715 4164 fluam
748 4019 934 4115 trist-is
972 4028 1031 4083 et
1057 4020 1272 4085 afflicta
1638 4025 1791 4105 Quis
1818 4032 2020 4100 posset
2045 4037 2171 4086 non
2197 4012 2585 4096 contristari,

359 4101 497 4162 Fuit
524 4122 544 4164 1
576 4103 633 4164 la
672 4104 985 4167 benedtcta
1554 4102 1732 4163 Piam
1766 4110 2018 4164 matrem
2059 4099 2474 4181 contemplari:

360 4179 552 4243 Mater
579 4179 913 4256 unigeniti!
1555 4179 1879 4249 nolentem
1916 4198 2055 4249 cum
2094 4181 2304 4250 Filio?
